<?xml version="1.0" encoding="UTF-8"?><record xmlns="http://www.loc.gov/MARC21/slim" xmlns:cinclude="http://apache.org/cocoon/include/1.0" xmlns:zs="http://www.loc.gov/zing/srw/">
  <leader>00579nz  a2200157n  4500</leader>
  <controlfield tag="001">n 2011185732</controlfield>
  <controlfield tag="003">DLC</controlfield>
  <controlfield tag="005">20111202074916.0</controlfield>
  <controlfield tag="008">111201n| acannaabn          |n aaa      </controlfield>
  <datafield tag="010" ind1=" " ind2=" ">
    <subfield code="a">n 2011185732</subfield>
  </datafield>
  <datafield tag="035" ind1=" " ind2=" ">
    <subfield code="a">(DNLM)1523733</subfield>
  </datafield>
  <datafield tag="040" ind1=" " ind2=" ">
    <subfield code="a">DNLM</subfield>
    <subfield code="b">eng</subfield>
    <subfield code="c">DNLM</subfield>
  </datafield>
  <datafield tag="046" ind1=" " ind2=" ">
    <subfield code="f">19740325</subfield>
    <subfield code="v">e-mail from author, Nov. 30, 2011</subfield>
  </datafield>
  <datafield tag="100" ind1="1" ind2=" ">
    <subfield code="a">Webster, Samuel,</subfield>
    <subfield code="d">1974-</subfield>
  </datafield>
  <datafield tag="670" ind1=" " ind2=" ">
    <subfield code="a">Embryology at a glance, 2012:</subfield>
    <subfield code="b">ECIP  t.p. (Samuel Webster, lecturer in anatomy &amp; embryology, College of Medicine, Swansea University, Swansea, UK)</subfield>
  </datafield>
  <datafield tag="670" ind1=" " ind2=" ">
    <subfield code="a">E-mail from author, Nov. 30, 2011</subfield>
    <subfield code="b">(Samuel Vincent Webster)</subfield>
  </datafield>
</record>